[gd_scene load_steps=20 format=2]

[ext_resource path="res://assets/backgrounds/sky.png" type="Texture" id=1]
[ext_resource path="res://components/tower_world/tower_world.gd" type="Script" id=2]
[ext_resource path="res://assets/fonts/Rubik-Bold.ttf" type="DynamicFontData" id=3]
[ext_resource path="res://components/zone_marker/zone_marker_corner.tscn" type="PackedScene" id=4]
[ext_resource path="res://components/tower_world/snakenado.tscn" type="PackedScene" id=5]

[sub_resource type="BoxShape" id=1]
extents = Vector3( 50, 3.5, 0.1 )

[sub_resource type="BoxShape" id=2]
extents = Vector3( 50, 500, 0.1 )

[sub_resource type="PhysicsMaterial" id=3]
rough = true

[sub_resource type="BoxShape" id=4]
extents = Vector3( 120, 0.1, 135 )

[sub_resource type="ProceduralSky" id=5]
ground_bottom_color = Color( 0.647059, 0.839216, 0.945098, 1 )
ground_horizon_color = Color( 0.839216, 0.917647, 0.980392, 1 )

[sub_resource type="Environment" id=6]
background_sky = SubResource( 5 )
ambient_light_color = Color( 0.588235, 0.588235, 0.588235, 1 )
ssao_radius = 64.0
ssao_intensity = 100.0
dof_blur_far_distance = 57.0
dof_blur_far_amount = 0.23
glow_intensity = 8.0
glow_strength = 2.0
glow_bloom = 1.0
glow_blend_mode = 3
adjustment_enabled = true
adjustment_brightness = 0.9
adjustment_contrast = 1.25
adjustment_saturation = 0.8

[sub_resource type="DynamicFont" id=7]
size = 32
outline_size = 4
outline_color = Color( 0, 0, 0, 1 )
font_data = ExtResource( 3 )

[sub_resource type="QuadMesh" id=8]
size = Vector2( 0.8, 0.1 )

[sub_resource type="ViewportTexture" id=9]
viewport_path = NodePath("AddonAnchor/Viewport")

[sub_resource type="SpatialMaterial" id=10]
resource_local_to_scene = true
flags_transparent = true
flags_fixed_size = true
params_billboard_mode = 1
albedo_texture = SubResource( 9 )

[sub_resource type="CubeMesh" id=11]
size = Vector3( 3, 0.1, 3 )

[sub_resource type="SpatialMaterial" id=12]
flags_unshaded = true
albedo_color = Color( 0.364706, 0.486275, 0.662745, 1 )

[sub_resource type="CubeMesh" id=13]
size = Vector3( 400, 5, 100 )

[sub_resource type="SpatialMaterial" id=14]
flags_transparent = true
flags_unshaded = true
albedo_color = Color( 0.309804, 0.423529, 0.529412, 0.862745 )

[node name="TowerWorld" type="Spatial"]
script = ExtResource( 2 )

[node name="FloorRayCollider" type="StaticBody" parent="."]
transform = Transform( 1, 0, 0, 0, 1, 0, 0, 0, 1, 10, 0, 0 )
collision_layer = 2
collision_mask = 2

[node name="CollisionShape" type="CollisionShape" parent="FloorRayCollider"]
transform = Transform( 1, 0, 0, 0, 1, 0, 0, 0, 1, 0, -3, -0.9 )
shape = SubResource( 1 )

[node name="SkyRayCollider" type="StaticBody" parent="."]
transform = Transform( 1, 0, 0, 0, 1, 0, 0, 0, 1, 10, 0, 0 )
collision_layer = 2
collision_mask = 2

[node name="CollisionShape" type="CollisionShape" parent="SkyRayCollider"]
transform = Transform( 1, 0, 0, 0, 1, 0, 0, 0, 1, 0, 500.5, -0.9 )
shape = SubResource( 2 )

[node name="FloorMesh" type="StaticBody" parent="."]
transform = Transform( 1, 0, 0, 0, 1, 0, 0, 0, 1, 10, 0, 0 )
input_ray_pickable = false
physics_material_override = SubResource( 3 )

[node name="CollisionShape" type="CollisionShape" parent="FloorMesh"]
transform = Transform( 1, 0, 0, 0, 1, 0, 0, 0, 1, 0, -0.1, 120 )
shape = SubResource( 4 )

[node name="SkySprite" type="Sprite3D" parent="."]
transform = Transform( 289856, 4.92328, 0.257834, -7823.2, 1792.54, 0.0871557, -76958, -163.678, 0.96225, 0, 60, -100 )
transparent = false
double_sided = false
texture = ExtResource( 1 )

[node name="CameraAnchor" type="Spatial" parent="."]
transform = Transform( 0.965926, -0.0225576, 0.257834, 0, 0.996195, 0.0871557, -0.258819, -0.084186, 0.96225, 8, 11, 0 )

[node name="DirectionalLight" type="DirectionalLight" parent="CameraAnchor"]
transform = Transform( 1, 0, 0, 0, 1, 0, 0, 0, 1, 0, 0, 100 )
light_color = Color( 0.764706, 0.764706, 0.764706, 1 )
shadow_enabled = true
shadow_bias = 4.0
directional_shadow_normal_bias = 16.0
directional_shadow_bias_split_scale = 1.0

[node name="Camera" type="Camera" parent="CameraAnchor"]
transform = Transform( 1, -1.86265e-09, 0, 0, 1, 9.31323e-10, 0, -7.45058e-09, 1, 0, 0, 100 )
environment = SubResource( 6 )
projection = 1
current = true
size = 25.0
near = 0.01
far = 1000.0

[node name="RayCast" type="RayCast" parent="CameraAnchor/Camera"]
enabled = true
cast_to = Vector3( 0, 0, -1000 )
collision_mask = 2

[node name="MouseAnchor" type="Spatial" parent="."]

[node name="AddonAnchor" type="Spatial" parent="."]
transform = Transform( 0.965926, 0, 0.258819, 0, 1, 0, -0.258819, 0, 0.965926, 0, 0, 0 )
visible = false

[node name="Viewport" type="Viewport" parent="AddonAnchor"]
size = Vector2( 400, 50 )
transparent_bg = true
render_target_v_flip = true

[node name="Control" type="Control" parent="AddonAnchor/Viewport"]
margin_right = 40.0
margin_bottom = 40.0

[node name="Label" type="Label" parent="AddonAnchor/Viewport/Control"]
margin_right = 400.0
margin_bottom = 50.0
custom_fonts/font = SubResource( 7 )
custom_colors/font_color = Color( 0.529412, 0, 0, 1 )
text = "Not enough money"
align = 1
valign = 1

[node name="Text" type="MeshInstance" parent="AddonAnchor"]
transform = Transform( 1, 0, 0, 0, 1, 0, 0, 0, 1, 0, 6, 5 )
mesh = SubResource( 8 )
material/0 = SubResource( 10 )

[node name="TextTimer" type="Timer" parent="AddonAnchor"]
wait_time = 5.0
one_shot = true

[node name="ModulesAnchor" type="Spatial" parent="."]

[node name="GroundAnchor" type="Spatial" parent="."]

[node name="GroundBlock" type="MeshInstance" parent="GroundAnchor"]
cast_shadow = 0
generate_lightmap = false
mesh = SubResource( 11 )
material/0 = SubResource( 12 )

[node name="ZoneMarkerAnchor" type="Spatial" parent="."]

[node name="zone_marker_corner" parent="ZoneMarkerAnchor" instance=ExtResource( 4 )]

[node name="WaterMesh" type="MeshInstance" parent="."]
transform = Transform( 0.965926, 0, 0.258819, 0, 1, 0, -0.258819, 0, 0.965926, 0, -5, 40 )
mesh = SubResource( 13 )
material/0 = SubResource( 14 )

[node name="Snakenado" parent="." instance=ExtResource( 5 )]
transform = Transform( 0.0965926, -0.00225576, 0.0257834, 0, 0.0996195, 0.00871557, -0.0258819, -0.0084186, 0.096225, -10, 10, -10 )
visible = false

[node name="Snakenado2" parent="Snakenado" instance=ExtResource( 5 )]
transform = Transform( 1, 0, 0, 0, 1, 7.45058e-09, 0, 0, 1, 0, 200, 0 )
