[gd_scene load_steps=19 format=2]

[ext_resource path="res://assets/card_icons/frog_logo.png" type="Texture" id=1]
[ext_resource path="res://assets/fonts/Rubik-Regular.ttf" type="DynamicFontData" id=2]
[ext_resource path="res://assets/fonts/Rubik-Bold.ttf" type="DynamicFontData" id=3]
[ext_resource path="res://assets/icons/money.png" type="Texture" id=4]
[ext_resource path="res://components/hud/contract.gd" type="Script" id=6]

[sub_resource type="StyleBoxFlat" id=1]
bg_color = Color( 0.835294, 0.835294, 0.835294, 1 )

[sub_resource type="DynamicFont" id=2]
size = 50
font_data = ExtResource( 3 )

[sub_resource type="StyleBoxFlat" id=3]
bg_color = Color( 0.6, 0.6, 0.6, 0 )
border_width_bottom = 3
border_color = Color( 0.156863, 0.360784, 0.156863, 1 )

[sub_resource type="DynamicFont" id=4]
size = 22
font_data = ExtResource( 2 )

[sub_resource type="DynamicFont" id=5]
size = 19
font_data = ExtResource( 2 )

[sub_resource type="StyleBoxFlat" id=6]
bg_color = Color( 0.6, 0.6, 0.6, 0 )
border_width_bottom = 3
border_color = Color( 0.360784, 0.333333, 0.156863, 1 )

[sub_resource type="StyleBoxFlat" id=7]
bg_color = Color( 0.6, 0.6, 0.6, 0 )
border_width_bottom = 3
border_color = Color( 0.360784, 0.192157, 0.156863, 1 )

[sub_resource type="StyleBoxFlat" id=8]
bg_color = Color( 0.6, 0.6, 0.6, 0 )
border_width_bottom = 3
border_color = Color( 0.156863, 0.360784, 0.360784, 1 )

[sub_resource type="StyleBoxFlat" id=9]
bg_color = Color( 0.6, 0.6, 0.6, 0 )
border_width_bottom = 3
border_color = Color( 0.478431, 0.403922, 0.0431373, 1 )

[sub_resource type="StyleBoxFlat" id=10]
bg_color = Color( 0, 0, 0, 0 )
border_width_top = 12
border_width_bottom = 12
border_color = Color( 0.121569, 0.278431, 0.117647, 1 )
corner_radius_top_left = 25
corner_radius_top_right = 25
corner_radius_bottom_right = 25
corner_radius_bottom_left = 25

[sub_resource type="StyleBoxFlat" id=11]
bg_color = Color( 0, 0, 0, 0 )
border_width_top = 12
border_width_bottom = 12
border_color = Color( 0.0627451, 0.145098, 0.0627451, 1 )
corner_radius_top_left = 25
corner_radius_top_right = 25
corner_radius_bottom_right = 25
corner_radius_bottom_left = 25

[sub_resource type="StyleBoxFlat" id=12]
bg_color = Color( 0, 0, 0, 0 )
border_width_top = 12
border_width_bottom = 12
border_color = Color( 0.184314, 0.435294, 0.180392, 1 )
corner_radius_top_left = 25
corner_radius_top_right = 25
corner_radius_bottom_right = 25
corner_radius_bottom_left = 25

[sub_resource type="DynamicFont" id=13]
size = 40
font_data = ExtResource( 2 )

[node name="Contract" type="Control"]
anchor_right = 1.0
anchor_bottom = 1.0
script = ExtResource( 6 )
__meta__ = {
"_edit_use_anchors_": false
}

[node name="ColorRect" type="ColorRect" parent="."]
anchor_right = 1.0
anchor_bottom = 1.0
color = Color( 0, 0, 0, 0.780392 )
__meta__ = {
"_edit_use_anchors_": false
}

[node name="Paper" type="PanelContainer" parent="."]
anchor_left = 0.5
anchor_top = 0.5
anchor_right = 0.5
anchor_bottom = 0.5
margin_left = -270.0
margin_top = -420.0
margin_right = 270.0
margin_bottom = 400.0
custom_styles/panel = SubResource( 1 )
__meta__ = {
"_edit_use_anchors_": false
}

[node name="Margin" type="MarginContainer" parent="Paper"]
margin_right = 540.0
margin_bottom = 820.0
custom_constants/margin_right = 20
custom_constants/margin_top = 20
custom_constants/margin_left = 20
custom_constants/margin_bottom = 20

[node name="VBox" type="VBoxContainer" parent="Paper/Margin"]
margin_left = 20.0
margin_top = 20.0
margin_right = 520.0
margin_bottom = 800.0
custom_constants/separation = 10

[node name="Title" type="Label" parent="Paper/Margin/VBox"]
margin_right = 500.0
margin_bottom = 100.0
rect_min_size = Vector2( 0, 100 )
custom_fonts/font = SubResource( 2 )
custom_colors/font_color = Color( 0, 0, 0, 1 )
text = "CONTRACT"
align = 1
valign = 1

[node name="ContractorLabel" type="Label" parent="Paper/Margin/VBox"]
margin_top = 110.0
margin_right = 500.0
margin_bottom = 140.0
custom_styles/normal = SubResource( 3 )
custom_fonts/font = SubResource( 4 )
custom_colors/font_color = Color( 0.156863, 0.360784, 0.156863, 1 )
text = "Contractor"
valign = 1

[node name="Contractor" type="HBoxContainer" parent="Paper/Margin/VBox"]
margin_top = 150.0
margin_right = 500.0
margin_bottom = 254.0
custom_constants/separation = 10

[node name="Image" type="TextureRect" parent="Paper/Margin/VBox/Contractor"]
margin_right = 104.0
margin_bottom = 104.0
rect_min_size = Vector2( 104, 0 )
texture = ExtResource( 1 )
expand = true

[node name="VBox" type="VBoxContainer" parent="Paper/Margin/VBox/Contractor"]
margin_left = 114.0
margin_right = 214.0
margin_bottom = 104.0

[node name="NameLabel" type="Label" parent="Paper/Margin/VBox/Contractor/VBox"]
margin_right = 100.0
margin_bottom = 23.0
custom_fonts/font = SubResource( 5 )
custom_colors/font_color = Color( 0, 0, 0, 1 )
text = "Name:"

[node name="CompanyLabel" type="Label" parent="Paper/Margin/VBox/Contractor/VBox"]
margin_top = 27.0
margin_right = 100.0
margin_bottom = 50.0
custom_fonts/font = SubResource( 5 )
custom_colors/font_color = Color( 0, 0, 0, 1 )
text = "Company:"

[node name="TelLabel" type="Label" parent="Paper/Margin/VBox/Contractor/VBox"]
margin_top = 54.0
margin_right = 100.0
margin_bottom = 77.0
custom_fonts/font = SubResource( 5 )
custom_colors/font_color = Color( 0, 0, 0, 1 )
text = "Telephone:"

[node name="MailLabel" type="Label" parent="Paper/Margin/VBox/Contractor/VBox"]
margin_top = 81.0
margin_right = 100.0
margin_bottom = 104.0
custom_fonts/font = SubResource( 5 )
custom_colors/font_color = Color( 0, 0, 0, 1 )
text = "E-Mail:"

[node name="Details" type="VBoxContainer" parent="Paper/Margin/VBox/Contractor"]
margin_left = 224.0
margin_right = 403.0
margin_bottom = 104.0

[node name="Name" type="Label" parent="Paper/Margin/VBox/Contractor/Details"]
margin_right = 179.0
margin_bottom = 23.0
custom_fonts/font = SubResource( 5 )
custom_colors/font_color = Color( 0, 0, 0, 1 )
text = "John McAffee"

[node name="Company" type="Label" parent="Paper/Margin/VBox/Contractor/Details"]
margin_top = 27.0
margin_right = 179.0
margin_bottom = 50.0
custom_fonts/font = SubResource( 5 )
custom_colors/font_color = Color( 0, 0, 0, 1 )
text = "Antivirus Inc."

[node name="Tel" type="Label" parent="Paper/Margin/VBox/Contractor/Details"]
margin_top = 54.0
margin_right = 179.0
margin_bottom = 77.0
custom_fonts/font = SubResource( 5 )
custom_colors/font_color = Color( 0, 0, 0, 1 )
text = "0800/123456789"

[node name="Mail" type="Label" parent="Paper/Margin/VBox/Contractor/Details"]
margin_top = 81.0
margin_right = 179.0
margin_bottom = 104.0
custom_fonts/font = SubResource( 5 )
custom_colors/font_color = Color( 0, 0, 0, 1 )
text = "john@antivirus.com"

[node name="InfoLabel" type="Label" parent="Paper/Margin/VBox"]
margin_top = 264.0
margin_right = 500.0
margin_bottom = 294.0
custom_styles/normal = SubResource( 6 )
custom_fonts/font = SubResource( 4 )
custom_colors/font_color = Color( 0.360784, 0.333333, 0.156863, 1 )
text = "Info"
valign = 1

[node name="Info" type="Label" parent="Paper/Margin/VBox"]
margin_top = 304.0
margin_right = 500.0
margin_bottom = 600.0
size_flags_vertical = 3
custom_fonts/font = SubResource( 5 )
custom_colors/font_color = Color( 0, 0, 0, 1 )
text = "Hey yo, I want you to build me a very nice apartement complex, with lots of space for people to live there. Also it's supposed to be in an area that's prone to earthquakes, so please take care of that as well. Thanks"
autowrap = true
__meta__ = {
"_edit_use_anchors_": false
}

[node name="MinReqLabel" type="Label" parent="Paper/Margin/VBox"]
margin_top = 610.0
margin_right = 500.0
margin_bottom = 640.0
custom_styles/normal = SubResource( 7 )
custom_fonts/font = SubResource( 4 )
custom_colors/font_color = Color( 0.360784, 0.192157, 0.156863, 1 )
text = "Minimum Requirements"
valign = 1

[node name="MinReq" type="VBoxContainer" parent="Paper/Margin/VBox"]
margin_top = 650.0
margin_right = 500.0
margin_bottom = 650.0
custom_constants/separation = 0
__meta__ = {
"_edit_use_anchors_": false
}

[node name="BonusReqLabel" type="Label" parent="Paper/Margin/VBox"]
margin_top = 660.0
margin_right = 500.0
margin_bottom = 690.0
custom_styles/normal = SubResource( 8 )
custom_fonts/font = SubResource( 4 )
custom_colors/font_color = Color( 0.156863, 0.360784, 0.360784, 1 )
text = "Bonus Requirements"
valign = 1

[node name="BonusReq" type="VBoxContainer" parent="Paper/Margin/VBox"]
margin_top = 700.0
margin_right = 500.0
margin_bottom = 700.0
custom_constants/separation = 0

[node name="BudgetLabel" type="Label" parent="Paper/Margin/VBox"]
margin_top = 710.0
margin_right = 500.0
margin_bottom = 740.0
custom_styles/normal = SubResource( 9 )
custom_fonts/font = SubResource( 4 )
custom_colors/font_color = Color( 0.478431, 0.403922, 0.0431373, 1 )
text = "Budget"
valign = 1

[node name="Budget" type="HBoxContainer" parent="Paper/Margin/VBox"]
margin_top = 750.0
margin_right = 500.0
margin_bottom = 780.0

[node name="Label" type="Label" parent="Paper/Margin/VBox/Budget"]
margin_top = 3.0
margin_right = 401.0
margin_bottom = 26.0
size_flags_horizontal = 3
custom_fonts/font = SubResource( 5 )
custom_colors/font_color = Color( 0, 0, 0, 1 )
text = "Available"
__meta__ = {
"_edit_use_anchors_": false
}

[node name="Value" type="Label" parent="Paper/Margin/VBox/Budget"]
margin_left = 405.0
margin_top = 3.0
margin_right = 466.0
margin_bottom = 26.0
custom_fonts/font = SubResource( 5 )
custom_colors/font_color = Color( 0, 0, 0, 1 )
text = "10 000"
align = 2
__meta__ = {
"_edit_use_anchors_": false
}

[node name="TextureRect" type="TextureRect" parent="Paper/Margin/VBox/Budget"]
margin_left = 470.0
margin_right = 500.0
margin_bottom = 30.0
rect_min_size = Vector2( 30, 30 )
texture = ExtResource( 4 )
expand = true

[node name="OKButton" type="Button" parent="."]
anchor_left = 0.5
anchor_top = 1.0
anchor_right = 0.5
anchor_bottom = 1.0
margin_left = -270.0
margin_top = -100.0
margin_right = 270.0
margin_bottom = -40.0
mouse_default_cursor_shape = 2
custom_styles/hover = SubResource( 10 )
custom_styles/pressed = SubResource( 11 )
custom_styles/normal = SubResource( 12 )
custom_fonts/font = SubResource( 13 )
text = "OK"
__meta__ = {
"_edit_use_anchors_": false
}
